% This file was created with JabRef 2.10.
% Encoding: Cp1252


@Electronic{GooglePlay,
  Title                    = {Google Play},
  Language                 = {English},
  Month                    = {March},
  Url                      = {http://en.wikipedia.org/wiki/Google_Play},
  Year                     = {2014},

  Owner                    = {Sean},,
  Timestamp                = {2015.03.18}
}

@Electronic{API15,
  Title                    = {Android 4.0.3 APIs},
  Language                 = {English},
  Month                    = {March},
  Url                      = {http://developer.android.com/about/versions/android-4.0.3.html},
  Year                     = {2014},

  Owner                    = {Sean},
  Timestamp                = {2015.03.18}
}

@Electronic{PEGI,
  Title                    = {PEGI rating},
  Language                 = {English},
  Month                    = {May},
  Url                      = {http://www.pegi.info/en/index/id/23},
  Year                     = {2015},

  Owner                    = {Claus},
  Timestamp                = {2015.05.08}
}

@Electronic{AndroidStudio,
  Title                    = {Android Studio},
  Language                 = {English},
  Month                    = {March},
  Url                      = {http://en.wikipedia.org/wiki/Android_Studio},
  Year                     = {2014},

  Owner                    = {Sean},,
  Timestamp                = {2015.05.12}
}


@Electronic{Gradle,
  Title                    = {Gradle},
  Language                 = {English},
  Month                    = {March},
  Url                      = {http://en.wikipedia.org/wiki/Gradle},
  Year                     = {2014},

  Owner                    = {Sean},,
  Timestamp                = {2015.05.12}
}

@Electronic{Redmine},
  Title                    = {Redmine},
  Language                 = {English},
  Month                    = {March},
  Url                      = {http://en.wikipedia.org/wiki/Redmine},
  Year                     = {2014},

  Owner                    = {Sean},,
  Timestamp                = {2015.05.12}
}

